@PhdThesis{GLNS09,
author = {A. Guissé and F.Lévy and A.Nazarenko and S.Szulman},
title = {Annotation sémantique pour l'indexation de règles métiers},
school = {Université Paris 13, CNRS},
year = {2009},
OPTkey = {},
OPTtype = {},
OPTaddress = {},
OPTmonth = {},
OPTnote = {},
OPTannote = {}
}

@PhdThesis{DN12,
author = {Damien Novel},
title = {Reconnaissance des entitées nommées par exploration de règles
d’annotation},
school = {École Doctorale MIPTIS},
year = {2012},
OPTkey = {},
OPTtype = {},
OPTaddress = {},
OPTmonth = {},
OPTnote = {},
OPTannote = {}
}

@PhdThesis{SL10,
author = {SERRANO Laurie},
title = {Modélisation d'une ontologie de domaine et des outils d'extraction de l'information associés pour l'anglais et le français},
school = {Université Sendhal, Grenoble 3},
year = {2010},
OPTkey = {},
OPTtype = {},
OPTaddress = {},
OPTmonth = {},
OPTnote = {},
OPTannote = {}
}

@online{w1,
author = {Wikipedia},
title = {},
year = {},
url = {http://fr.wikipedia.org/wiki/Web_s%C3%A9mantique},
OPTsubtitle = {},
OPTtitleaddon = {},
OPTlanguage = {},
OPTversion = {},
OPTnote = {},
OPTorganization = {},
OPTdate = {},
OPTmonth = {},
OPTaddendum = {},
OPTpubstate = {},
OPTurldate = {}
}

@online{w2,
author = {Wikipedia},
title = {},
year = {},
url = {http://fr.wikipedia.org/wiki/Reconnaissance_d%27entit%C3%A9s_nomm%C3%A9es},
OPTsubtitle = {},
OPTtitleaddon = {},
OPTlanguage = {},
OPTversion = {},
OPTnote = {},
OPTorganization = {},
OPTdate = {},
OPTmonth = {},
OPTaddendum = {},
OPTpubstate = {},
OPTurldate = {}
}


@online{w3,
author = {Culot},
title = {},
year = {},
url = {http://culot.org/public/Docs/regexp.html},
OPTsubtitle = {},
OPTtitleaddon = {},
OPTlanguage = {},
OPTversion = {},
OPTnote = {},
OPTorganization = {},
OPTdate = {},
OPTmonth = {},
OPTaddendum = {},
OPTpubstate = {},
OPTurldate = {}
}

@online{w4,
author = {Gate Uk},
title = {},
year = {},
url = {https://gate.ac.uk/sale/tao/splitch13.html},
OPTsubtitle = {},
OPTtitleaddon = {},
OPTlanguage = {},
OPTversion = {},
OPTnote = {},
OPTorganization = {},
OPTdate = {},
OPTmonth = {},
OPTaddendum = {},
OPTpubstate = {},
OPTurldate = {}
}
