@thesis{GLNS09,
author = {A. Guissé and F.Lévy and A.Nazarenko and S.Szulman},
title = {Annotation sémantique pour l'indexation de règles métiers},
institution = {Université Paris 13, CNRS},
year = {2009}
}

@thesis{DN12,
author = {Damien Novel},
title = {Reconnaissance des entitées nommées par exploration de règles
d’annotation},
institution = {École Doctorale MIPTIS},
year = {2012}
}

@thesis{SL10,
author = {SERRANO Laurie},
title = {Modélisation d'une ontologie de domaine et des outils d'extraction de l'information associés pour l'anglais et le français},
institution = {Université Sendhal, Grenoble 3},
year = {2010}
}

@misc{w1ws,
author = {Wikipedia},
title = {Web sémantique},
howpublished = {\url{http://fr.wikipedia.org/wiki/Web_s%C3%A9mantique}}
}

@misc{w2re,
author = {Wikipedia},
title = {Reconnaissance d'entités nommées},
howpublished = {\url{http://fr.wikipedia.org/wiki/Reconnaissance_d%27entit%C3%A9s_nomm%C3%A9es}}
}

@misc{w3reg,
author = {Culot Frederic},
title = {Regexp - Introduction aux expressions rationnelles},
howpublished = {\url{http://culot.org/public/Docs/regexp.html}}
}

@misc{w4gaz,
author = {The University of Sheffield},
title = {Gazetteers},
howpublished = {\url{https://gate.ac.uk/sale/tao/splitch13.html}}
}
